%% This BibTeX bibliography file was created using BibDesk.
%% http://bibdesk.sourceforge.net/




@article{roache2002,
	Author = {P. J. ROACHE},
	Journal = {ASME J. of Fluids Eng.},
	Number = {1},
	Pages = {4--10},
	Title = {Code Verification by the Method of Manufactured Solutions},
	Volume = {124},
	Year = {2002},
}

@article{solin2010,
	Author = {P. SOLIN, D. ANDRS, J. CERVENY, M.SIMKO,},
	Journal = {J. Comput. Appl. Math.},
	Number = {1},
	Pages = {1374--1394},
	Title = {PDE-Independent Adaptive $hp$-FEM Based on Hierarchic Extension of Finite Element Spaces},
	Volume = {233},
	Year = {2010},
}

%%@techreport{Car1953,
%%	Author = {P. J. ROACHE},
%%	Date-Added = {2010-01-15 14:53:00 -0500},
%%	Date-Modified = {2010-01-15 14:53:00 -0500},
%%	Institution = {Los Alamos Scientific Laboratory},
%%	Number = {LA-1599},
%%	Title = {Solution of the Transport Equation by {S$_n$} Approximations},
%%	Year = {1953},
%%}
%%
%%@book{roache2002,
%%	Author = {P. J. ROACHE},
%%	Edition = {3rd},
%%	Publisher = {John Wiley \& Sons, Inc.},
%%	Title = {Radiation Detection and Measurement},
%%	Year = {2000}
%%}
